% Ideally, you'll get your references from dblp.org

@article{parkerholder-jair22,
  author       = {Jack Parker{-}Holder and
                  Raghu Rajan and
                  Xingyou Song and
                  Andr{\'{e}} Biedenkapp and
                  Yingjie Miao and
                  Theresa Eimer and
                  Baohe Zhang and
                  Vu Nguyen and
                  Roberto Calandra and
                  Aleksandra Faust and
                  Frank Hutter and
                  Marius Lindauer},
  title        = {Automated Reinforcement Learning (AutoRL): {A} Survey and Open Problems},
  journal      = {J. Artif. Intell. Res.},
  volume       = {74},
  pages        = {517--568},
  year         = {2022},
}